% this is the bibliography file

@IEEEtranBSTCTL{IEEEexample:BSTcontrol,
CTLdash_repeated_names= "no",
}

@inproceedings{hiramatsu2007djprobe,
  title={Djprobeâ€”Kernel probing with the smallest overhead},
  author={Hiramatsu, Masami and Oshima, Satoshi},
  booktitle={Linux Symposium},
  pages={189},
  year={2007}
}

@inproceedings{jia2024fast,
  title={Fast (Trapless) Kernel Probes Everywhere},
  author={Jia, Jinghao and Le, Michael V and Ahmed, Salman and Williams, Dan and Jamjoom, Hani and Xu, Tianyin},
  booktitle={2024 USENIX Annual Technical Conference (USENIX ATC 24)},
  pages={379--386},
  year={2024}
}

@inproceedings{gilbert2011dymo,
  title={Dymo: Tracking dynamic code identity},
  author={Gilbert, Bob and Kemmerer, Richard and Kruegel, Christopher and Vigna, Giovanni},
  booktitle={Recent Advances in Intrusion Detection: 14th International Symposium, RAID 2011, Menlo Park, CA, USA, September 20-21, 2011. Proceedings 14},
  pages={21--40},
  year={2011},
  organization={Springer}
}

